<record><leader>00000cas a2200000 a 4500</leader><controlfield tag="001">10984529</controlfield><controlfield tag="008">840725d18551865nhuwr ne      0    0eng d</controlfield><datafield ind1=" " ind2=" " tag="010"><subfield code="a">sn 84023777 </subfield></datafield><datafield ind1=" " ind2=" " tag="040"><subfield code="a">AQM</subfield><subfield code="b">eng</subfield><subfield code="c">AQM</subfield><subfield code="d">NPX</subfield><subfield code="d">KNP</subfield><subfield code="d">NVH</subfield><subfield code="d">KNP</subfield><subfield code="d">OCL</subfield><subfield code="d">OCLCQ</subfield><subfield code="d">OCLCF</subfield><subfield code="d">OCLCO</subfield></datafield><datafield ind1=" " ind2=" " tag="042"><subfield code="a">msc</subfield></datafield><datafield ind1=" " ind2=" " tag="043"><subfield code="a">n-us-nh</subfield></datafield><datafield ind1="0" ind2=" " tag="130"><subfield code="a">People's journal (Littleton, N.H.)</subfield></datafield><datafield ind1="1" ind2="0" tag="245"><subfield code="a">People's journal.</subfield></datafield><datafield ind1=" " ind2=" " tag="260"><subfield code="a">Littleton, N.H. :</subfield><subfield code="b">H.W. Rowell</subfield></datafield><datafield ind1=" " ind2=" " tag="300"><subfield code="a">v.</subfield></datafield><datafield ind1=" " ind2=" " tag="310"><subfield code="a">Weekly</subfield></datafield><datafield ind1="0" ind2=" " tag="362"><subfield code="a">Vol., no. 1 (June 6, 1855)-v. 10, no. 53 (June 24, 1865).</subfield></datafield><datafield ind1=" " ind2=" " tag="515"><subfield code="a">Issues for Nov. 9, 1860-July 5, 1861 also called new ser. v. 1, no. 2-34.</subfield></datafield><datafield ind1=" " ind2="0" tag="651"><subfield code="a">Littleton (N.H.)</subfield><subfield code="v">Newspapers.</subfield></datafield><datafield ind1=" " ind2="7" tag="655"><subfield code="a">Newspapers.</subfield><subfield code="2">fast</subfield><subfield code="0">(OCoLC)fst01423814</subfield></datafield><datafield ind1=" " ind2="7" tag="651"><subfield code="a">New Hampshire</subfield><subfield code="z">Littleton.</subfield><subfield code="2">fast</subfield><subfield code="0">(OCoLC)fst01220777</subfield></datafield><datafield ind1=" " ind2=" " tag="752"><subfield code="a">United States</subfield><subfield code="b">New Hampshire</subfield><subfield code="c">Grafton</subfield><subfield code="d">Littleton.</subfield></datafield><datafield ind1="0" ind2="4" tag="785"><subfield code="t">Granite State free press</subfield><subfield code="w">(DLC)sn 84023179</subfield></datafield></record>